@book{jsch2011,
  author       = "Schlosser, Joachim",
  title        = "Wissenschaftliche Arbeiten schreiben mit \LaTeX: Leitfaden f√ºr Einsteiger.",
  publisher    = "mitp",
  year         = "2011",
  edition      = "4. Aufl.",
  address      = "Heidelberg"
}

@book{Tane2014,
  author       = "Tanenbaum, Andrew S. and Wetherall, David J.",
  title        = "Computer Networks",
  publisher    = "Pearson",
  year         = "2014",
  edition      = "7. Aufl."
}

@book{aoscw2004,
	author = {Hans F. Ebel, Claus Bliefert, William E. Russey},
	edition = {2.},
	publisher = {Die Deutsche Bibliothek},
	title = {The Art of Scientific Writing},
	year = {2004}
}

@ARTICLE{9429985,
  author={von Rueden, Laura and Mayer, Sebastian and Beckh, Katharina and Georgiev, Bogdan and Giesselbach, Sven and Heese, Raoul and Kirsch, Birgit and Walczak, Michal and Pfrommer, Julius and Pick, Annika and Ramamurthy, Rajkumar and Garcke, Jochen and Bauckhage, Christian and Schuecker, Jannis},
  journal={IEEE Transactions on Knowledge and Data Engineering}, 
  title={Informed Machine Learning - A Taxonomy and Survey of Integrating Prior Knowledge into Learning Systems}, 
  year={2021},
  volume={},
  number={},
  pages={1-1},
  doi={10.1109/TKDE.2021.3079836}}
